@inproceedings{idl4,
   author       = {Andreas Haeberlen and Jochen Liedtke and Yoonho Park and Lars Reuther and Volkmar Uhlig},
   title        = {Stub-Code Performance Is Becoming Important},
   booktitle	= {Proceedings of the First Workshop on Industrial Experiences with Systems Software (WIESS)},
   address	= {San Diego, CA},
   pages	= {31-38},
   month	= {October},
   year		= {2000}
}

@unpublished{corba-iiop,
   title        = {{CORBA} 2.6 Specification},
   author	= {Object Management Group},
   note		= {http://www.omg.org/cgi-bin/doc?formal/01-12-35}
}

@unpublished{corba-clm,
   title	= {{CORBA} {C} Language Mapping},
   author	= {Object Management Group},
   note		= {http://www.omg.org/cgi-bin/doc?formal/99-07-35}
}

@book{redlich,
   title	= {{CORBA} 2.0},
   author	= {Jens-Peter Redlich},
   year		= 1996,
   publisher	= {Addison-Wesley}
}
   
@unpublished{v2,
   title	= {{L}ava Nucleus Reference Manual},
   author	= {Jochen Liedtke},
   year		= 1998,
   month	= {March},
   publisher	= {IBM T. J. Watson Research Center},
   note		= {http://i30www.ira.uka.de/publications/pub1998/ln-86-21.ps}
}

@unpublished{x0,
   title	= {{L4} Nucleus Version {X}.0 Reference Manual},
   author	= {Jochen Liedtke},
   year		= 1999,
   month	= {September},
   publisher	= {L4Ka Project},
   note		= {http://l4ka.org/documentation/files/l4-86-x0.ps}
}
   
@unpublished{v4,
   title	= {{L4} {X}.2 Reference Manual},
   year		= 2002,
   month	= {January},
   author	= {The L4Ka Team},
   note		= {http://l4ka.org/documentation/files/l4-x2.pdf}
}

@inproceedings{lipc,
   author	= {Jochen Liedtke and Horst Wenske},
   title	= {Lazy Process Switching},
   booktitle	= {Proceedings of the 8th Workshop on Hot Topics in Operating Systems},
   address	= {Elmau, Germany},
   month	= {May},
   year		= 2001,
}   
   
